<?xml version="1.0" encoding="UTF-8"?><collection xmlns="http://www.loc.gov/MARC21/slim"><record><leader>00411nam--2200133-i-4500</leader><controlfield tag="001">000026412</controlfield><controlfield tag="002">20161230</controlfield><controlfield tag="005">20161230201036</controlfield><controlfield tag="008">060222s1000------------r-----000-0-eng-d</controlfield><datafield ind1=" " ind2=" " tag="080"><subfield code="a">621.396:621.38:621.384.6</subfield></datafield><datafield ind1=" " ind2=" " tag="100"><subfield code="a">Jileiko, G. I</subfield></datafield><datafield ind1=" " ind2=" " tag="245"><subfield code="a">Radiotehnica si electronica acceleratoarelor de particule incarcate. traducere din limba rusa</subfield></datafield><datafield ind1=" " ind2=" " tag="260"><subfield code="a">Bucuresti, Editura Tehnica, 1959. 69p., 44p</subfield></datafield><datafield ind1=" " ind2=" " tag="852"><subfield code="a">6086</subfield></datafield></record></collection>